@inproceedings{Czaplicki2012ElmC,
    title        = {{Elm : Concurrent FRP for Functional GUIs}},
    author       = {Evan Czaplicki},
    year         = 2012,
    booktitle    = {{Elm : Concurrent FRP for Functional GUIs}}
}
@book{react,
    title        = {Learning React: functional web development with React and Redux},
    author       = {Banks, Alex and Porcello, Eve},
    year         = 2017,
    publisher    = {" O'Reilly Media, Inc."}
}
@software{elmdocs,
    title        = {{Elm documentation}},
    author       = {{Evan Czaplicki}},
    url          = {https://elm-lang.org/docs},
    year = 2022
}
@software{vuejsdocs,
    author = {Evan You},
    url    = {https://vuejs.org/guide},
    title  = {Vue.js documentation},
    year   = 2022
}
@software{angulardocs,
    author = {Google},
    url    = {https://angular.io/docs},
    title  = {Angular documentation},
    year   = 2022
}
@software{reactdocs,
    author = {Jordan Walke},
    url    = {https://angular.io/docs},
    title  = {React documentation},
    year   = 2022
}
@software{elm-live,
    author = {Will King},
    url    = {https://www.elm-live.com/},
    title  = {elm-live documentation},
    year   = 2022
}
@software{elm-format,
    author = {Aaron VonderHaar},
    url    = {https://github.com/avh4/elm-format},
    title  = {elm-format code repository},
    year   = 2022}
@software{openweather,
    url   = {https://openweathermap.org/guide},
    title = {OpenWeather},
    year  = 2022
}
@software{npmdocs,
    author = {Isaac Z. Schlueter},
    title  = {npm documentation},
    url    = {https://docs.npmjs.com/}
}
@software{elm_installer,
    author = {Evan Czaplicki},
    title  = {Elm installer for Windows},
    url    = {https://github.com/elm/compiler/releases}
}
@misc{fowler2006continuous,
    title={Continuous integration},
    author={Fowler, Martin and Foemmel, Matthew},
    year={2006}
}
@article{shahin2017continuous,
    title={Continuous integration, delivery and deployment: a systematic review on approaches, tools, challenges and practices},
    author={Shahin, Mojtaba and Babar, Muhammad Ali and Zhu, Liming},
    journal={IEEE Access},
    volume={5},
    pages={3909--3943},
    year={2017},
    publisher={IEEE}
}
@misc{stacksurvey,
    title={Most popular web frameworks},
    author={StackOverflow},
    year={2021}}
